<record><leader>00000cas a22000007a 4500</leader><controlfield tag="001">11693271</controlfield><controlfield tag="008">850214c198u9999miuwr ne      0   a0eng d</controlfield><datafield ind1=" " ind2=" " tag="010"><subfield code="a">sn 85000571 </subfield></datafield><datafield ind1=" " ind2=" " tag="040"><subfield code="a">NSD</subfield><subfield code="b">eng</subfield><subfield code="c">NSD</subfield><subfield code="d">OCLCQ</subfield></datafield><datafield ind1=" " ind2=" " tag="012"><subfield code="m">1</subfield></datafield><datafield ind1="1" ind2=" " tag="022"><subfield code="a">8750-7188</subfield><subfield code="l">8750-7188</subfield><subfield code="2">1</subfield></datafield><datafield ind1=" " ind2=" " tag="032"><subfield code="a">734450</subfield><subfield code="b">USPS</subfield></datafield><datafield ind1=" " ind2=" " tag="037"><subfield code="b">The Bay Voice, 35781 Green St., New Baltimore, MI 48047</subfield></datafield><datafield ind1=" " ind2=" " tag="042"><subfield code="a">nsdp</subfield></datafield><datafield ind1=" " ind2="4" tag="222"><subfield code="a">The Bay voice</subfield></datafield><datafield ind1="0" ind2="4" tag="245"><subfield code="a">The Bay voice.</subfield></datafield><datafield ind1=" " ind2=" " tag="260"><subfield code="a">New Baltimore, MI :</subfield><subfield code="b">s.n. ;</subfield><subfield code="a">(S.l. :</subfield><subfield code="b">Printed by Webco Press)</subfield></datafield><datafield ind1=" " ind2=" " tag="310"><subfield code="a">Weekly</subfield></datafield><datafield ind1=" " ind2=" " tag="588"><subfield code="a">Description based on: Vol. 2, no. 50 (Dec. 12, 1984).</subfield></datafield><datafield ind1=" " ind2=" " tag="752"><subfield code="a">United States</subfield><subfield code="b">Michigan</subfield><subfield code="c">Macomb, St. Clair</subfield><subfield code="d">New Baltimore.</subfield></datafield><datafield ind1=" " ind2=" " tag="936"><subfield code="a">Dec. 12, 1984</subfield></datafield></record>